<?xml version="1.0" encoding="UTF-8"?><collection xmlns="http://www.loc.gov/MARC21/slim"><record><leader>00404nam--2200145-i-4500</leader><controlfield tag="001">000047276</controlfield><controlfield tag="002">20161230</controlfield><controlfield tag="005">20161230201046</controlfield><controlfield tag="008">060222s1000------------r-----000-0-eng-d</controlfield><datafield ind1=" " ind2=" " tag="080"><subfield code="a">541.7/8</subfield></datafield><datafield ind1=" " ind2=" " tag="245"><subfield code="a">Special topics in heterocyclic chemistry</subfield></datafield><datafield ind1=" " ind2=" " tag="260"><subfield code="a">New York, John Wiley &amp; Sons, 1977, 601p</subfield></datafield><datafield ind1=" " ind2=" " tag="490"><subfield code="a">The Chemistry Of Heterocyclic Compounds</subfield></datafield><datafield ind1=" " ind2=" " tag="700"><subfield code="a">Weissberger,Arnold/S.A.</subfield></datafield><datafield ind1=" " ind2=" " tag="852"><subfield code="a">15649</subfield></datafield></record></collection>